@book{MasColell1995,
    title     = {Microeconomic Theory},
    author    = {Andreu Mas-Colell and Michael D. Whinston and Jerry R. Green},
    date      = {1995-06-15},
    publisher = {Oxford University Press},
    isbn      = {978-0195073409}
}


@article{Romer2010,
    title     = {The Macroeconomic Effects of Tax Changes: Estimates Based on a New Measure of Fiscal Shocks},
    author    = {Christina D. Romer and David H. Romer},
    journal   = {The American Economic Review},
    volume    = {100},
    number    = {3},
    pages     = {763--801},
    year      = {2010},
    month     = {6},
    publisher = {American Economic Association},
    url       = {https://www.jstor.org/stable/27871230}
}


@article{Serrato2018,
    title     = {The structure of state corporate taxation and its impact on state tax revenues and economic activity},
    author    = {Juan Carlos Su√°rez Serrato and Owen Zidar},
    journal   = {Journal of Public Economics},
    volume    = {167},
    pages     = {158--176},
    year      = {2018},
    doi       = {10.1016/j.jpubeco.2018.09.006},
    url       = {https://www.sciencedirect.com/science/article/pii/S0047272718301749}
}